@article{andrews,
    author =       "Andrews, Patricia L.",
    title =        "The Rothermel Surface Fire Spread
Model and Associated Developments:
A Comprehensive Explanation",
    journal =      "United States Department of Agriculture, General Technical Report",
    year =         "2018",
    DOI =          "https://www.fs.usda.gov/rm/pubs_series/rmrs/gtr/rmrs_gtr371.pdf",
    keywords =     "rothermel"
}
@article{rothermel,
    author =       "Rothermel, Richard C.",
    title =        "A Mathematical Model for Predicting Fire Spread in Wildland Fuels",
    journal =      "United States Department of Agriculture, Research Paper",
    year =         "1972",
    DOI =          "https://www.fs.usda.gov/rm/pubs_int/int_rp115.pdf",
    keywords =     "rothermel"
}
@article{catchpole,
    author =       "Catchpole, E.A.",
    title =        "Intensity of Fire at its Perimeter",
    journal =       "Australian Forestry Research",
    year =         "1982",
    DOI =          "https://drive.google.com/file/d/0B9KIbbp1-PmyeFhfWF9lRHhTLW8/view?resourcekey=0-2SXMFy-wga_H9LJqnHlrVA",
    keywords =     "rothermel"
}

@article{babak,
    author =       "Babak, Petro",
    title =        "The Effect of wind on the propagation of an Idealized Forest Fire.",
    journal =       "SIAM Journal on Applied Mathematics",
    volume  =       "70.",
    number  =       "4",
    pages   =       "1364-1388.",
    year =         "2009",
    DOI =          "https://www.jstor.org/stable/27862562",
    keywords =     "math"
}

{@article{sullivan,
    author =       "Sullivan, Andrew L.",
    title =        "Wildland surface fire spread modelling",
    journal =       "Simulation and mathematical analogue models. International Journal of Wildland",
    volume  =       "18",
    number  =       "4",
    pages   =       "387-403",
    year =         "1990-2007",
    DOI =          "https://www.jstor.org/stable/27862562",
    keywords =     "math"
}

{@article{fisherkpp,
    author =       "El-Hachem, Maud",
    title =        "Revisiting the Fisher–Kolmogorov–Petrovsky–Piskunov equation to interpret the spreading–extinction dichotomy.",
    journal =       "Proceedings of the Royal Society A: Mathematical, Physical and Engineering Sciences",
    volume  =       "475.",
    number  =       "2229",
    pages   =       "",
    year =         "2019",
    DOI =          "https://royalsocietypublishing.org/doi/10.1098/rspa.2019.0378",
    keywords =     "fisher"
}



@book{bradie,
    title={A Friendly Introduction to Numerical Analysis},
    author={Brian Bradie},
    isbn={0130130540},
    series={},
    year={2006},
    publisher={Pearson Prentice Hall},
    keywords = {numerical}
}

@book{logan,
    title={Applied Partial Differential Equations, Third Edition},
    author={J David Logan},
    isbn={9783319124933},
    series={Undergraduate Texts in Mathematics},
    year={2015},
    publisher={Springer},
    keywords = {math}
}


@online{knuthwebsite,
    author    = "Donald Knuth",
    title     = "Knuth: Computers and Typesetting",
    url       = "http://www-cs-faculty.stanford.edu/~uno/abcde.html",
    keywords  = "latex,knuth"
}

@inbook{knuth-fa,
    author = "Donald E. Knuth",
    title = "Fundamental Algorithms",
    publisher = "Addison-Wesley",
    year = "1973",
    chapter = "1.2",
    keywords  = "knuth,programming"
}
